@MISC{Garf,
  key          = {Garfield},
  title        = {{\sc Garfield} 7.02},
  year         = {2000},
  howpublished = {Simulation of gaseous detectors; \href{http://www.cern.ch/garfield}{http://www.cern.ch/garfield}; Online User Guide},
  note         = {}
}
@MISC{MagWeb,
  key  = {Magbolz},
  title   = {{\sc Magboltz}},
  journal = {http://consult.cern.ch/writeup/magboltz/},
  year    = {2000},
  howpublished = {Transport of electrons in gas mixtures; \href{http://consult.cern.ch/writeup/magboltz/}{http://consult.cern.ch/writeup/magboltz/}; Online User Guide},
  note         = {}

 }

@MISC{HeedWeb,
  key  = {Heed},
  title   = {{\sc HEED}},
  journal = {http://consult.cern.ch/writeup/heed/},
  year    = {1999},
  howpublished = {Interactions of particles with gases; \href{http://consult.cern.ch/writeup/heed/}{http://consult.cern.ch/writeup/heed/}; Online User Guide},
  note         = {}

 }

@MISC{GeantWeb,
  key  = {Geant},
  title   = {{\sc Geant}},
  journal = {http://consult.cern.ch/writeup/geant/},
  year    = {2004},
  howpublished = {Detector Description and Simulation Tool; \href{http://consult.cern.ch/writeup/geant/}{http://consult.cern.ch/writeup/geant/}; Online User Guide},
  note         = {}

 }

@MISC{HGeantWeb,
  key  = {HGeant},
  title   = {{\sc HGeant}},
  journal = {http://www-hades.gsi.de},
  year    = {2004},
  howpublished = {HADES Simulation Package; \href{http://www-hades.gsi.de/}{http://www-hades.gsi.de/};},
  note         = {}

 }

@MISC{PlutoWeb,
  key  = {Pluto},
  title   = {{\sc Pluto}},
  journal = {http://www-hades.gsi.de},
  year    = {2004},
  howpublished = {Pluto++, A Monte Carlo simulation tool for hadronic physics; \href{http://www-hades.gsi.de/}{http://www-hades.gsi.de/};},
  note         = {}

 }

@MISC{HydraWeb,
  key  = {HYDRA},
  title   = {{\sc HYDRA}},
  journal = {http://www-hades.gsi.de},
  year    = {2004},
  howpublished = {HYDRA - HADES analysis package; \href{http://www-hades.gsi.de/}{http://www-hades.gsi.de/};},
  note         = {}

 }

@MISC{RootWeb,
  key  = {ROOT},
  title   = {{\sc ROOT}},
  journal = {http://root.cern.ch},
  year    = {2004},
  howpublished = {ROOT - An Object Oriented Data Analysis Framework; \href{http://root.cern.ch/}{http://root.cern.ch/};},
  note         = {}

 }

@MISC{UrQMDWeb,
  key  = {UrQMD},
  title   = {{\sc UrQMD}},
  journal = {http://www.th.physik.uni-frankfurt.de/~urqmd/},
  year    = {2004},
  howpublished = {The UrQMD Collaboration; \href{http://www.th.physik.uni-frankfurt.de/~urqmd/}{http://www.th.physik.uni-frankfurt.de/~urqmd/};},
  note         = {}

 }

@MISC{Opera,
  key  = {Opera},
  title   = {{\sc Opera-3d} by {\sc Vector Fields Inc}},
  journal = {http://consult.cern.ch/writeup/heed/},
  year    = {2004},
  howpublished = {Software for electromagnetic design; \href{http://www.vectorfields.com/}{http://www.vectorfields.com}},
  note         = {}

 }

@MISC{TdcDoc,
  key  = {TDC},
  title   = {},
  journal = {ASIC Design Center Dokumentation},
  year    =  {1998},
  howpublished = {ASIC Design Center Dokumentation, Funktionsbeschreibung für den HADES Drift Chamber TDC incl. Änderungen für HADES Rev. 02 (Redesign)},
  note         = {}

 }


@MISC{Rob,
  key          = {Veenhof},
  title        = {Rob {V}eenhof, {C}{E}{R}{N} {R}esponsible for {\sc Garfield}},
  year         = {2000},
  howpublished = {Persönliche Mitteilung},
  note         = {\href{http://www.cern.ch/garfield}{http://www.cern.ch/garfield}}
}

